@misc{https://doi.org/10.48550/arxiv.2109.14528,
  doi = {10.48550/ARXIV.2109.14528},
  
  url = {https://arxiv.org/abs/2109.14528},
  
  author = {Assadi, Sepehr and Wang, Chen},
  
  keywords = {Data Structures and Algorithms (cs.DS), Machine Learning (cs.LG), FOS: Computer and information sciences, FOS: Computer and information sciences},
  
  title = {Sublinear Time and Space Algorithms for Correlation Clustering via Sparse-Dense Decompositions},
  
  publisher = {arXiv},
  
  year = {2021},
  
  copyright = {arXiv.org perpetual, non-exclusive license}
}